@book{sutton2018reinforcement,
    author = {Sutton, Richard S. and Barto, Andrew G},
    title = {Reinforcement {L}earning: {A}n {I}ntroduction},
    year = {2018},
    publisher = {MIT press}
}
@misc{silver2015lectures,
    author = {Silver, David},
    title = {Lectures on {R}einforcement {L}earning},
    howpublished = {\textsc{url:}~\url{https://www.davidsilver.uk/teaching/}},
    year = {2015}
}
@book{bellman1957dynamic,
    author = {Bellman, R. E.},
    title = {Dynamic {P}rogramming},
    year = {1957},
    publisher = {Princeton University Press},
    school = {Princeton}
}
@book{howard1960dynamic,
    author = {Howard, Ronald A.},
    title = {Dynamic {P}rogramming and {M}arkov {P}rocesses},
    year = {1960},
    publisher = {{MIT} Press}
}
@book{suttonbarto1998reinforcementlearning,
    author = {Sutton, Richard S. and Barto, Andrew G.},
    title = {Reinforcement {L}earning: {A}n {I}ntroduction},
    series = {Adaptive Computation and Machine Learning},
    publisher = {{MIT} Press},
    year = {1998}
}
@article{singhsutton1996,
    author = {Singh, Satinder P. and Sutton, Richard S.},
    title = {Reinforcement {L}earning with {R}eplacing {E}ligibility {T}races},
    journal={Machine Learning},
    year = {1996},
    volume = {22},
    number = {1},
    pages = {123-158}
}
@article{sutton1988td,
    author = {Sutton, Richard S.},
    title = {Learning to {P}redict by the {M}ethods of {T}emporal {D}ifferences},
    journal = {Machine Learning},
    year = {1988},
    volume = {3},
    number = {1},
    pages = {9-44}
}
@article{dayan1992,
    author = {Dayan, Peter},
    title = {The {C}onvergence of {TD}($\lambda$) for {G}eneral $\lambda$},
    journal = {Machine Learning},
    year = {1992},
    volume = {8},
    number = {3},
    pages = {341-362}
}
@article{rummery1994,
    author = {Rummery, G. A. and Niranjan, Mahesan},
    title = {On-line {Q}-{L}earning {U}sing {C}onnectionist {S}ystems},
    year = {1994},
    journal = {Technical Report CUED/F-INFENG/TR 166},
    school = {University of Cambridge}
}
@article{singh2000,
    author = {Singh, Satinder P. and Jaakkola, T. and Littman, M. L. and Szepesv{\'a}ri, Cs.},
    title = {Convergence {R}esults for {S}ingle-{S}tep {O}n-{P}olicy {R}einforcement-{L}earning {A}lgorithms},
    journal = {Machine Learning},
    year = {2000},
    volume = {38},
    pages = {287--308},
    number = {3},
}
@phdthesis{watkins1989learning,
    author = {Watkins, C. J. C. H.},
    title = {Learning from {D}elayed {R}ewards},
    year = {1989},
    school = {University of Cambridge}
}
@article{watkins1992qlearning,
    author = {Watkins, C. J. C. H. and Dayan, P.},
    title = {Q-{L}earning},
    journal = {Machine Learning},
    year = {1992},
    volume = {8},
    number = {3},
    pages = {279-292}
}
@article{jaakkola1994,
  author = {Jaakkola, T. and Jordan, Michael I. and Singh, Satinder P.},
  title = {On the {C}onvergence of {S}tochastic {I}terative {D}ynamic {P}rogramming {A}lgorithms},
  journal = {Neural Computation},
  year = {1994},
  volume = {6},
  pages = {1185-1201}
}
@inproceedings{vanseijen2014,
    title = {True online {TD}(${\lambda}$)},
    author = {van Seijen, Harm and Sutton, Richard S.},
    booktitle = {ICML 2014},
    year = {2014}
}
@article{tsitsiklis1994,
    author = {Tsitsiklis, John N.},
    title = {Asynchronous {S}tochastic {A}pproximation and {Q}-{L}earning},
    journal = {Machine Learning},
    year = {1994},
    volume = {16},
    number = {3},
    pages = {185-202},
}
@incollection{baird1995,
    author = {Baird, Leemon},
    title = {Residual {A}lgorithms: {R}einforcement {L}earning with {F}unction {A}pproximation},
    editor = {Armand Prieditis and Stuart Russell},
    booktitle = {Machine Learning Proceedings 1995},
    publisher = {Morgan Kaufmann},
    pages = {30-37},
    year = {1995}
}
@inproceedings{tsitsiklis1996,
    author = {Tsitsiklis, John N. and Van Roy, Benjamin},
    title = {Analysis of {T}emporal-{D}ifference {L}earning with {F}unction {A}pproximation},
    year = {1996},
    publisher = {MIT Press},
    address = {Cambridge, MA, USA},
    booktitle = {Proceedings of the 9th International Conference on Neural Information Processing Systems},
    pages = {1075–1081},
    numpages = {7},
    series = {NIPS'96}
}
@techreport{gordon1996,
    author = {Gordon, Geoffrey J.},
    title = {Chattering in {SARSA}(${\lambda}$): {A} {CMU} {L}earning {L}ab {I}nternal {R}eport},
    year = {1996}
}
@inproceedings{gordon2001,
    author = {Gordon, Geoffrey J.},
    title = {Reinforcement {L}earning with {F}unction {A}pproximation {C}onverges to a {R}egion},
    booktitle = {Advances in Neural Information Processing Systems},
    year = {2001},
    pages = {1040--1046},
    publisher = {The MIT Press}
}
@incollection{peng1996,
    author = {Peng, Jing and Williams, Ronald J.},
    title = {Incremental {M}ulti-{S}tep {Q}-{L}earning},
    editor = {William W. Cohen and Haym Hirsh},
    booktitle = {Machine Learning Proceedings 1994},
    publisher = {Morgan Kaufmann},
    address = {San Francisco (CA)},
    pages = {226-232},
    year = {1994}
}
@article{williams1992reinforce,
    author = {Williams, Ronald J.},
    title = {Simple {S}tatistical {G}radient-{F}ollowing {A}lgorithms for {C}onnectionist {R}einforcement {L}earning},
    year = {1992},
    publisher = {Kluwer Academic Publishers},
    address = {USA},
    volume = {8},
    number = {3–4},
    journal = {Mach. Learn.},
    pages = {229–256},
    numpages = {28}
}
@article{marbach2001,
    author = {Marbach, P. and Tsitsiklis, John N.},
    journal = {IEEE Transactions on Automatic Control},
    title = {Simulation-{B}ased {O}ptimization of {M}arkov {R}eward {P}rocesses},
    year = {2001},
    volume = {46},
    number = {2},
    pages = {191-209},
}
@inproceedings{sutton2000,
    author = {Sutton, Richard S. and McAllester, David and Singh, Satinder and Mansour, Yishay},
    title = {Policy {G}radient {M}ethods for {R}einforcement {L}earning with {F}unction {A}pproximation},
    year = {1999},
    publisher = {MIT Press},
    address = {Cambridge, MA, USA},
    booktitle = {Proceedings of the 12th International Conference on Neural Information Processing Systems},
    pages = {1057–1063},
    numpages = {7},
    location = {Denver, CO},
    series = {NIPS'99}
}
@misc{schulman2015gae,
    author = {Schulman, John and Moritz, Philipp and Levine, Sergey and Jordan, Michael and Abbeel, Pieter},
    title = {High-{D}imensional {C}ontinuous {C}ontrol {U}sing {G}eneralized {A}dvantage {E}stimation},
    publisher = {arXiv},
    year = {2015},
    copyright = {arXiv.org perpetual, non-exclusive license}
}
@article{barto1983,
    author = {Barto, Andrew G. and Sutton, Richard S. and Anderson, Charles W.},
    journal = {IEEE Transactions on Systems, Man, and Cybernetics}, 
    title = {Neuronlike {A}daptive {E}lements {T}hat {C}an {S}olve {D}ifficult {L}earning {C}ontrol {P}roblems}, 
    year = {1983},
    volume = {SMC-13},
    number = {5},
    pages = {834-846},
}
@article{peters2008,
    author = {Peters, Jan and Schaal, Stefan},
    title = {Natural {A}ctor-{C}ritic},
    journal = {Neurocomputing},
    volume = {71},
    number = {7},
    pages = {1180-1190},
    year = {2008},
    note = {Progress in Modeling, Theory, and Application of Computational Intelligenc},
    issn = {0925-2312},
}
@inproceedings{silver2014,
    author = {Silver, David and Lever, Guy and Heess, Nicolas and Degris, Thomas and Wierstra, Daan and Riedmiller, Martin},
    title = {Deterministic {P}olicy {G}radient {A}lgorithms},
    year = {2014},
    publisher = {JMLR.org},
    pages = {I–387–I–395},
    location = {Beijing, China},
    series = {ICML'14}
}
@misc{degris2012,
  doi = {10.48550/ARXIV.1205.4839},
  url = {https://arxiv.org/abs/1205.4839},
  author = {Degris, Thomas and White, Martha and Sutton, Richard S.},
  title = {Off-{P}olicy {A}ctor-{C}ritic},
  publisher = {arXiv},
  year = {2012},
  copyright = {arXiv.org perpetual, non-exclusive license}
}
@misc{brockman2016gym,
    title = {Open{AI} {G}ym},
    author = {Brockman, Greg and Cheung, Vicki and Pettersson, Ludwig and Schneider, Jonas and Schulman, John and Tang, Jie and Zaremba, Wojciech},
    year = {2016},
    eprint = {1606.01540},
    archivePrefix = {arXiv},
    primaryClass = {cs.LG}
}
@article{lagoudakis2003lspi,
    author = {Lagoudakis, Michail G. and Parr, Ronald},
    title = {Least-{S}quares {P}olicy {I}teration},
    journal = {J. Mach. Learn. Res.},
    volume = {4},
    pages = {1107–1149},
    year = {2003},
}
@article{baker2019,
    author = {Baker, Bowen and Kanitscheider, Ingmar and Markov, Todor M. and Wu, Yi and Powell, Glenn and McGrew, Bob and Mordatch, Igor},
    title = {Emergent {T}ool {U}se from {M}ulti-{A}gent {A}utocurricula},
    journal = {CoRR},
    volume = {abs/1909.07528},
    year = {2019},
    eprinttype = {arXiv},
    eprint = {1909.07528}
}
@inproceedings{clouse1992teaching,
    author = {Clouse, Jeffrey A. and Utgoff, Paul E.},
    title = {A {T}eaching {M}ethod for {R}einforcement {L}earning},
    year = {1992},
    isbn = {15586247X},
    publisher = {Morgan Kaufmann Publishers Inc.},
    address = {San Francisco, CA, USA},
    booktitle = {Proceedings of the Ninth International Workshop on Machine Learning},
    pages = {92–101},
    numpages = {10},
    location = {Aberdeen, Scotland, United Kingdom},
    series = {ML92}
}
@inproceedings{maclin1994,
    author = {Maclin, Richard and Shavlik, Jude W.},
    title = {Incorporating {A}dvice into {A}gents that {L}earn from {R}einforcements},
    year = {1994},
    isbn = {0262611023},
    publisher = {American Association for Artificial Intelligence},
    address = {USA},
    booktitle = {Proceedings of the Twelfth National Conference on Artificial Intelligence (Vol. 1)},
    pages = {694–699},
    numpages = {6},
    location = {Seattle, Washington, USA},
    series = {AAAI '94}
}
@article{mnih2013dqn,
    author = {Mnih, Volodymyr and Kavukcuoglu, Koray and Silver, David and Graves, Alex and Antonoglou, Ioannis and Wierstra, Daan and Riedmiller, Martin A.},
    title = {Playing {A}tari with {D}eep {R}einforcement {L}earning},
    journal = {CoRR},
    volume = {abs/1312.5602},
    year = {2013},
    eprinttype = {arXiv},
    eprint = {1312.5602}
}
@phdthesis{lin1992,
    author = {Lin, Long-Ji},
    title = {Reinforcement {L}earning for {R}obots {U}sing {N}eural {N}etworks},
    year = {1992},
    publisher = {Carnegie Mellon University},
    address = {USA},
    note = {UMI Order No. GAX93-22750}
}
@article{silver2016go,
    author = {Silver, David and Huang, Aja and Maddison, Chris J. and Guez, Arthur and Sifre, Laurent and van den Driessche, George and Schrittwieser, Julian and Antonoglou, Ioannis and Panneershelvam, Vedavyas and Lanctot, Marc and Dieleman, Sander and Grewe, Dominik and Nham, John and Kalchbrenner, Nal and Sutskever, Ilya and Lillicrap, Timothy P. and Leach, Madeleine and Kavukcuoglu, Koray and Graepel, Thore and Hassabis, Demis},
    title = {Mastering the {G}ame of {G}o with {D}eep {N}eural {N}etworks and {T}ree {S}earch},
    journal = {Nature},
    volume = {529},
    number = {7587},
    pages = {484--489},
    year = {2016},
    doi = {10.1038/nature16961}
}
@inproceedings{schmidhuber1991a,
    author={Schmidhuber, J\"{u}rgen},
    title={Curious {M}odel-{B}uilding {C}ontrol {S}ystems},
    booktitle={[Proceedings] 1991 IEEE International Joint Conference on Neural Networks},
    year={1991},
    volume={},
    number={},
    pages={1458-1463 vol.2},
    doi={10.1109/IJCNN.1991.170605}
}
@inproceedings{schmidhuber1991b,
    author = {Schmidhuber, J\"{u}rgen},
    title = {A {P}ossibility for {I}mplementing {C}uriosity and {B}oredom in {M}odel-{B}uilding {N}eural {C}ontrollers},
    year = {1991},
    isbn = {0262631385},
    publisher = {MIT Press},
    address = {Cambridge, MA, USA},
    booktitle = {Proceedings of the First International Conference on Simulation of Adaptive Behavior on From Animals to Animats},
    pages = {222–227},
    numpages = {6},
    location = {Paris, France}
}
@techreport{moore1990control,
    author = {Moore, Andrew W.},
    title = {Efficient {M}emory-{B}ased {L}earning for {R}obot {C}ontrol},
    institution = {University of Cambridge},
    year = {1990}
}
